2409 4600
690 521 1225 582 -Q—
1604 565 1651 635 3
1666 532 1783 647 '9‘

118 757 254 833 bus
313 778 550 835 unum
613 758 991 857 equitem,
1054 771 1132 834 et
1186 782 1237 834 a
1295 758 1570 859 quavis
1602 780 1777 859 por.

114 888 186 949 ta
263 897 498 951 unum
585 875 926 976 peditem
1006 875 1256 951 secum
1336 874 1435 952 ad
1531 890 1781 953 castra
1868 927 1897 963 s

113 992 416 1068 ducant.
479 1040 599 1054 --
711 992 1040 1071 Nobiles
1099 991 1585 1093 portas'non
1640 991 1775 1073 ha-

111 1110 375 1187 bentes
451 1136 594 1215 pro
699 1117 1001 1187 ratione
1075 1110 1527 1189 facultatum
1608 1111 1777 1189 sua-

112 1253 270 1303 rum
335 1243 734 1345 taxentur,
801 1246 877 1307 et
932 1226 1154 1327 juxta
1211 1231 1300 1308 id
1360 1232 1773 1333 insurgant.

232 1491 238 1499 ·
337 1464 700 1541 CXLIX.
767 1463 961 1541 Cum
1037 1464 1455 1569 Leopoldo
1531 1464 1775 1565 Impe-
1795 1449 2034 1558 fflfflt?
2139 1475 2149 1488 “

110 1590 338 1661 ratori
400 1584 726 1671 firmum,
791 1583 1183 1686 fixumque
1232 1586 1491 1673 fuerit,
1555 1610 1772 1687 prae·
1797 1572 2007 1677 ἷῖοοῗ.
1936 1568 2020 1616 ‘⁰⁸

109 1713 214 1774 ter
290 1722 508 1780 exer
505 1709 672 1780 itus
753 1728 798 1779 e
896 1702 1221 1806 reliquis
1317 1700 1807 1781 Ditionibus'

107 1816 542 1898 Austriacis‘
594 1819 1019 1910 eonfiatos,
1057 1854 1064 1861 ·
1104 1848 1198 1900 ac
1275 1837 1577 1923 praeter
1636 1848 1775 1899 au-

99 1936 408 2015 xiliares
492 1946 759 2039 cbpias
836 1940 933 2017 ab
999 1940 1335 2041 Imperio
1412 1940 1767 2015 Romano

95 2078 374 2157 magno
433 2080 757 2132 numero
797 2057 1149 2135 decretas
1207 2081 1477 2133 omnes
1536 2060 1768 2133 etiam

89 2170 346 2273 Regni
425 2174 872 2273 Hungariae
963 2178 1172 2253 vires
1256 2172 1763 2262 contrahere,

90 2306 324 2392 atque
382 2295 514 2367 ita·
565 2295 800 2368 unitis
877 2295 1219 2368 omnium
1299 2288 1767 2393 populorum

97 2413 344 2510 copiis
409 2408 710 2485 Turcas
772 2436 815 2485 e
876 2412 1151 2513 Regno
1210 2412 1520 2510 penitus
1605 2413 1771 2486 exi·

102 2523 563 2634 gere,'in'de
626 2523 879 2603 Status
944 2544 1021 2610 et
1077 2526 1432 2605 Ordines
1494 2527 1771 2604 arden-

101 2647 374 2723 tissimo
449 2647 754 2722 Patriae
831 2645 1283 2728 liberandae
1372 2645 1768 2725 desiderio

106 2770 406 2840 accensi
464 2770 544 2840 in
580 2763 783 2840 binis
854 2762 1215 2842 comitiis
1255 2790 1463 2844 anno
1511 2774 1763 2852 1622,

115 2895 180 2955 et
232 2883 700 2983 praesertim·
736 2908 945 2959 anno
1041 2885 1253 2970 1681
1350 2880 1758 2964 celebratis

107 3003 771 3108 extraordinariam
855 3000 1545 3090 Insui-rectionem,
1635 3004 1766 3078 cui

106 3120 240 3199 vix.
281 3120 442 3224 nlla
502 3124 995 3222 aequiparari
1049 3135 1350 3221 potest,
1418 3145 1762 3197 commu-

106 3237 192 3307 ni·
225 3239 624 3316 voluntate
686 3239 1247 3323 decreverunt,
1332 3235 1552 3332 cujus
1607 3237 1791 3330 for-¹

104 3371 274 3430 mam
357 3355 480 3432 hie
559 3352 798 3460 paulo
880 3357 1249 3430 minutius
1326 3353 1761 3428 describere

109 3467 380 3564 placet,
446 3491 540 3550 ut·
571 3498 800 3550 nemo
843 3496 1004 3547 non
1061 3473 1367 3556 videat,
1434 3469 1767 3546 Gentem

108 3591 308 3670 etiam
404 3594 852 3695 Hungaram,
929 3594 1015 3666 iii
1094 3588 1589 3665 eliminandis
1666 3607 1768 3664 ex

111 3701 489 3814 Hungaria
566 3711 843 3794 Turcis
901 3707 1099 3786 nulli
1173 3705 1427 3784 labori
1463 3765 1490 3798 ‚
1585 3705 1769 3782 fati-

109 3827 234 3927 giis
274 3774 612 3921 omma,
685 3844 765 3907 et
862 3833 1285 3931 expensis
1311 3824 1779 3965 pepercisse.

117 3935 705 4032 constitutiones
763 3949 1027 4049 itaque
1089 3970 1261 4025 eam
1317 3949 1578 4027 iurem
1599 3950 1762 4027 edi-

804 4063 1054 4180 X5
1466 4078 1643 4143 tae
